=LDR  02037 am a2200565ua 4500
=001  011838333
=003  Uk
=005  20201124184959.0
=008  860806s1840\\\\gw\\\\\||\\\\|||1\||ger\\
=FMT  \\$a  BK
=019  2\$aiole10362
=019  x\$a3563520003
=019  s\$aoaoc02569
=040  \\$aUk$cUk$dUk
=041  0\$ager$bara$blat
=082  04$a500.899
=100  1\$aWüstenfeld, Ferdinand,$d1808-1899.
=245  10$aGeschichte der arabischen Aerzte und Naturforscher /$cnach den Quellen bearbeitet von Ferdinand Wüstenfeld.
=260  \\$aGöttingen :$bBei Vandenhoeck und Ruprecht,$c1840.
=300  \\$axvi, 167, 16 p. ;$c22 cm.
=336  \\$atext$2rdacontent
=337  \\$aunmediated$2rdamedia
=338  \\$avolume$2rdacarrier
=650  \0$aMedicine, Arab$xBiography.
=650  \0$aScience, Medieval.
=752  \\$aGermany$dGöttingen.
=886  2\$2blmarc$a967$b00$gx
=886  2\$2blmarc$a965$b10$aWüstenfeld$hFerdinand$xFull name: Heinrich Ferdinand Wüstenfeld
=856  41$uhttp://books.google.co.uk/books?vid=BL:A0019086072$yGoogle_Books
=852  11$aBritish Library$bOC$cSPHOA$kOIE$h500.899
=852  41$aBritish Library$bHMNTS$j554.b.69.
=852  41$aBritish Library$bOC$jT 39738
=985  \\$aCorrected by BSS-generated file for WR# 11/211
=985  \\$aUpgraded by BSS-generated file for WR2011-1473
=CAT  \\$aCONV$b00$c20040425$lBLL90$h0730
=CAT  \\$aCONV$b00$c20040502$lBLL01$h1448
=CAT  \\$aBATCH$b00$c20091122$lBLL01$h1926
=CAT  \\$aWR14_057$b00$c20141128$lBLL01$h1854
=CAT  \\$a4039$b40$c20141211$lBLL01$h1651
=CAT  \\$a8250$b40$c20161230$lBLL01$h1210
=CAT  \\$a8250$b40$c20161230$lBLL01$h1212
=CAT  \\$a8250$b40$c20161230$lBLL01$h1218
=CAT  \\$aW2011-1473$b00$c20201124$lBLL01$h1849
=FIN  \\$aY$d20150502
=LEO  \\$aMP1.0004265650
=LEO  \\$aMP13.0000480737
=SRC  \\$aBLS01$bbibmp1.200404.2.ae
=SRC  \\$aBLL02$bpart.2.aa
=SRC  \\$aHSS01$bbibmp13.200404.2.aa
=LAS  \\$aW2011-1473$b00$c20201124$lBLL01$h1849

